<?xml version="1.0" encoding="UTF-8"?><record xmlns="http://www.loc.gov/MARC21/slim" xmlns:cinclude="http://apache.org/cocoon/include/1.0" xmlns:zs="http://www.loc.gov/zing/srw/">
  <leader>00908cz  a2200169n  4500</leader>
  <controlfield tag="001">n 2010018359</controlfield>
  <controlfield tag="003">DLC</controlfield>
  <controlfield tag="005">20120818075721.0</controlfield>
  <controlfield tag="008">100326n| acannaabn          |b aaa      </controlfield>
  <datafield tag="010" ind1=" " ind2=" ">
    <subfield code="a">n 2010018359</subfield>
  </datafield>
  <datafield tag="040" ind1=" " ind2=" ">
    <subfield code="a">DLC</subfield>
    <subfield code="b">eng</subfield>
    <subfield code="c">DLC</subfield>
    <subfield code="d">DLC</subfield>
  </datafield>
  <datafield tag="100" ind1="1" ind2=" ">
    <subfield code="a">Soloṿaitsiḳ, Meshulam Daṿid,</subfield>
    <subfield code="c">ha-Leṿi.</subfield>
    <subfield code="t">Shiʻure Rabenu Meshulam Daṿid ha-Leṿi (Zevaḥim)</subfield>
  </datafield>
  <datafield tag="400" ind1="1" ind2=" ">
    <subfield code="a">Soloṿaitsiḳ, Meshulam Daṿid,</subfield>
    <subfield code="c">ha-Leṿi.</subfield>
    <subfield code="t">Sefer Shiʻure Rabenu Meshulam Daṿid ha-Leṿi</subfield>
  </datafield>
  <datafield tag="400" ind1="1" ind2=" ">
    <subfield code="a">Soloṿaitsiḳ, Meshulam Daṿid,</subfield>
    <subfield code="c">ha-Leṿi.</subfield>
    <subfield code="t">ספר שיעורי רבנו משולם דוד הלוי</subfield>
  </datafield>
  <datafield tag="667" ind1=" " ind2=" ">
    <subfield code="a">THIS 1XX FIELD CANNOT BE USED UNDER RDA UNTIL THIS RECORD HAS BEEN REVIEWED AND/OR UPDATED</subfield>
  </datafield>
  <datafield tag="667" ind1=" " ind2=" ">
    <subfield code="a">Non-Latin script reference not evaluated.</subfield>
  </datafield>
  <datafield tag="670" ind1=" " ind2=" ">
    <subfield code="a">ספר שיעורי רבנו משולם דוד הלוי = Sefer Shiʻure Rabenu Meshulam Daṿid ha-Leṿi, 2006 or 2007- :</subfield>
    <subfield code="b">v. 1, t.p. (ʻal Masekhet Zevaḥim)</subfield>
  </datafield>
</record>